
@article{DICKSON1958,
    author = {Dickson, Leonard Eugene and Gillis, J.},
    title = {Linear Groups with an Exposition of the Galois Field Theory},
    journal = {Physics Today},
    volume = {12},
    number = {10},
    pages = {52-54},
    year = {1959},
    month = {10},
    issn = {0031-9228}
}

@article{MARUSIC2003162,
title = {On 2-arc-transitivity of Cayley graphs},
journal = {Journal of Combinatorial Theory, Series B},
volume = {87},
number = {1},
pages = {162-196},
year = {2003},
author = {Dragan Marušič}
}

@article{LI20162907,
title = {Arc-transitive graphs of square-free order and small valency},
journal = {Discrete Mathematics},
volume = {339},
number = {12},
pages = {2907-2918},
year = {2016},
author = {Cai Heng Li and Zai Ping Lu and Gaixia Wang}
}


@article{CONDER2020264,
title = {Edge-transitive bi-Cayley graphs},
journal = {Journal of Combinatorial Theory, Series B},
volume = {145},
pages = {264-306},
year = {2020},
author = {Marston Conder and Jin-Xin Zhou and Yan-Quan Feng and Mi-Mi Zhang}
}

@article{LI2002197,
title = {Finite locally-quasiprimitive graphs},
journal = {Discrete Mathematics},
volume = {246},
number = {1},
pages = {197-218},
year = {2002},
author = {Cai Heng Li and Cheryl E. Praeger and Akshay Venkatesh and Sanming Zhou}
}

@book{LI2022factorizations,
title = {Factorizations of Almost Simple Groups with a Solvable Factor, and Cayley Graphs of Solvable Groups},
author = {Cai Heng Li and Binzhou Xia},
publisher = {Mem. AMS},
year = {2022},
volume = {279},
number = {1375}
}

@article{LI2015331,
title = {s-Arc-transitive graphs and normal subgroups},
journal = {Journal of Algebra},
volume = {421},
pages = {331-348},
year = {2015},
author = {Cai Heng Li and Ákos Seress and Shu Jiao Song}
}

@article{ZHOU2021147,
title = {A solution of Li-Xia's problem on s-arc-transitive solvable Cayley graphs},
journal = {Journal of Combinatorial Theory, Series B},
volume = {149},
pages = {147-160},
year = {2021},
author = {Jin-Xin Zhou}
}

@article{HASSANI1999twoarc,
title = {Two-arc transitive graphs admitting a two-dimensional projective linear group},
author = {A. Hassani, L. R. Nochefranca, C. E. Praeger},
pages = {335--353},
volume = {2},
number = {4},
journal = {},
year = {1999}
}

@article{KAZARIN1986prodsol,
author = {L.C. Kazarin},
title = {On groups which are the product of two solvable subgroups},
journal = {Communications in Algebra},
volume = {14},
number = {6},
pages = {1001-1066},
year = {1986}

@article{GIUDICI2003analysing,
author = {Giudici, Michael and Li, Cai and Praeger, Cheryl},
year = {2003},
month = {08},
pages = {291-317},
title = {Analysing finite locally $s$-arc transitive graphs},
volume = {356},
journal = {Trans. AMS}
}

@article{PRAEGER1993quasi,
author = {Praeger, Cheryl E.},
title = {An O'Nan-Scott Theorem for Finite Quasiprimitive Permutation Groups and an Application to 2-Arc Transitive Graphs},
journal = {Journal of the London Mathematical Society},
volume = {s2-47},
number = {2},
pages = {227-239},
year = {1993}
}


@inbook{praeger_1997, 
series={London Mathematical Society Lecture Note Series}, 
title={Finite Quasiprimitive Graphs}, 
booktitle={Surveys in Combinatorics, 1997}, 
publisher={Cambridge University Press}, 
author={Praeger, Cheryl E}, 
year={1997}, pages={65–86}, 
collection={LMS Lecture Note Series}
}
