@article{MARUSIC2003162,
title = {On 2-arc-transitivity of Cayley graphs},
journal = {Journal of Combinatorial Theory, Series B},
volume = {87},
number = {1},
pages = {162-196},
year = {2003},
issn = {0095-8956},
doi = {https://doi.org/10.1016/S0095-8956(02)00033-3},
url = {https://www.sciencedirect.com/science/article/pii/S0095895602000333},
author = {Dragan Marušič}
}

@article{LI20162907,
title = {Arc-transitive graphs of square-free order and small valency},
journal = {Discrete Mathematics},
volume = {339},
number = {12},
pages = {2907-2918},
year = {2016},
issn = {0012-365X},
doi = {https://doi.org/10.1016/j.disc.2016.06.002},
url = {https://www.sciencedirect.com/science/article/pii/S0012365X16301911},
author = {Cai Heng Li and Zai Ping Lu and Gaixia Wang}
}


@book{LI2022factorizations,
title = {Factorizations of Almost Simple Groups with a Solvable Factor, and Cayley Graphs of Solvable Groups},
author = {Cai Heng Li and Binzhou Xia},
publisher = {Mem. AMS},
year = {2022},
volume = {279},
number = {1375}
}

@article{ZHOU2021147,
title = {A solution of Li-Xia's problem on s-arc-transitive solvable Cayley graphs},
journal = {Journal of Combinatorial Theory, Series B},
volume = {149},
pages = {147-160},
year = {2021},
issn = {0095-8956},
doi = {https://doi.org/10.1016/j.jctb.2021.02.002},
url = {https://www.sciencedirect.com/science/article/pii/S0095895621000113},
author = {Jin-Xin Zhou}
}



