
@article {MR1194079,
	AUTHOR = {Xu, Ming Yao},
	TITLE = {Half-transitive graphs of prime-cube order},
	JOURNAL = {J. Algebraic Combin.},
	FJOURNAL = {Journal of Algebraic Combinatorics. An International Journal},
	VOLUME = {1},
	YEAR = {1992},
	NUMBER = {3},
	PAGES = {275--282},
	ISSN = {0925-9899},
	MRCLASS = {05C25},
	MRNUMBER = {1194079},
	MRREVIEWER = {Brian Alspach},
	DOI = {10.1023/A:1022440002282},
	URL = {https://doi.org/10.1023/A:1022440002282},
}
@book {MR0224703,
	AUTHOR = {Huppert, B.},
	TITLE = {Endliche {G}ruppen. {I}},
	SERIES = {Die Grundlehren der mathematischen Wissenschaften, Band 134},
	PUBLISHER = {Springer-Verlag, Berlin-New York},
	YEAR = {1967},
	PAGES = {xii+793},
	MRCLASS = {20.25},
	MRNUMBER = {0224703},
	MRREVIEWER = {J. H. Walter},
}